<?xml version="1.0" encoding="UTF-8"?><collection xmlns="http://www.loc.gov/MARC21/slim"><record><leader>00533nam--2200145-i-4500</leader><controlfield tag="001">000037022</controlfield><controlfield tag="002">20161230</controlfield><controlfield tag="005">20161230201041</controlfield><controlfield tag="008">060222s1000------------r-----000-0-eng-d</controlfield><datafield ind1=" " ind2=" " tag="080"><subfield code="a">621.311.2</subfield></datafield><datafield ind1=" " ind2=" " tag="100"><subfield code="a">Prisacaru, V., Stavrescu O</subfield></datafield><datafield ind1=" " ind2=" " tag="245"><subfield code="a">Noi studii si cercetari privind iluminatul de siguranta fluorescent in r.s.romania</subfield></datafield><datafield ind1=" " ind2=" " tag="260"><subfield code="a">Bucuresti, Cons.Nat.Al Inginerilor Si Tehnicienilor, 1969, 10p</subfield></datafield><datafield ind1=" " ind2=" " tag="490"><subfield code="a">A Doua Conferinta A Electricienilor.Iii. Sectia Sisteme, Centrale Si Utilizarea Energiei Electrice</subfield></datafield><datafield ind1=" " ind2=" " tag="852"><subfield code="a">31643</subfield></datafield></record></collection>